@article{wu1990power,
  title={Power system state estimation: a survey},
  author={Wu, Felix F},
  journal={International Journal of Electrical Power \& Energy Systems},
  volume={12},
  number={2},
  pages={80--87},
  year={1990},
  publisher={Elsevier}
}

@article{umamageswari2012comparitive,
  title={A comparitive study of Kalman filter, extended kalman filter and unscented Kalman filter for harmonic analysis of the non-stationary signals},
  author={UmaMageswari, A and Ignatious, J Joseph and Vinodha, R},
  journal={International Journal of Scientific \& Engineering Research},
  volume={3},
  number={7},
  pages={1--9},
  year={2012}
}

@article{mili1996robust,
  title={Robust state estimation based on projection statistics [of power systems]},
  author={Mili, Lamine and Cheniae, MG and Vichare, NS and Rousseeuw, Peter J},
  journal={IEEE Transactions on Power Systems},
  volume={11},
  number={2},
  pages={1118--1127},
  year={1996},
  publisher={IEEE}
}

@article{manitsas2012distribution,
  title={Distribution system state estimation using an artificial neural network approach for pseudo measurement modeling},
  author={Manitsas, Efthymios and Singh, Ravindra and Pal, Bikash C and Strbac, Goran},
  journal={IEEE Transactions on Power Systems},
  volume={27},
  number={4},
  pages={1888--1896},
  year={2012},
  publisher={IEEE}
}

@article{meliopoulos1996multiphase,
  title={Multiphase power flow and state estimation for power distribution systems},
  author={Meliopoulos, AP Sakis and Zhang, Fan},
  journal={IEEE Transactions on Power Systems},
  volume={11},
  number={2},
  pages={939--946},
  year={1996},
  publisher={IEEE}
}

@book{gomez2004power,
  title={Power system state estimation: theory and implementation},
  author={Gomez-Exposito, Antonio and Abur, Ali},
  year={2004},
  publisher={CRC press}
}

@article{jaman2017implementation,
  title={Implementation of Forecasting-Aided State Estimation Algorithm for Distribution System Application},
  author={Jaman, Shahid},
  year={2017}
}

@article{valverde2011unscented,
  title={Unscented Kalman filter for power system dynamic state estimation},
  author={Valverde, Gustavo and Terzija, Vladimir},
  journal={IET generation, transmission \& distribution},
  volume={5},
  number={1},
  pages={29--37},
  year={2011},
  publisher={IET}
}

@inproceedings{da1983state,
  title={State forecasting in electric power systems},
  author={Da Silva, AM Leite and Do Coutto Filho, MB and De Queiroz, JF},
  booktitle={IEE Proceedings C (Generation, Transmission and Distribution)},
  volume={130},
  number={5},
  pages={237--244},
  year={1983},
  organization={IET}
}



@article{rousseeuw1993alternatives,
  title={Alternatives to the median absolute deviation},
  author={Rousseeuw, Peter J and Croux, Christophe},
  journal={Journal of the American Statistical association},
  volume={88},
  number={424},
  pages={1273--1283},
  year={1993},
  publisher={Taylor \& Francis}
}

@article{xu2013multi,
  title={Multi-output least-squares support vector regression machines},
  author={Xu, Shuo and An, Xin and Qiao, Xiaodong and Zhu, Lijun and Li, Lin},
  journal={Pattern Recognition Letters},
  volume={34},
  number={9},
  pages={1078--1084},
  year={2013},
  publisher={Elsevier}
}

@article{bennett2000support,
  title={Support vector machines: hype or hallelujah},
  author={Bennett, Kristin P and Campbell, Colin},
  journal={Acm Sigkdd Explorations Newsletter},
  volume={2},
  number={2},
  pages={1--13},
  year={2000},
  publisher={Acm}
}

@misc{standard, 
    title={Pearson Product-Moment Correlation}, 
    howpublished ={https://statistics.laerd.com/statistical-guides/pearson-correlation-coefficient-statistical-guide.php},     
    journal={Laerd Statistics}
    } 
    
@misc{spearman, 
    title={Spearman Pearson comparison}, 
    howpublished ={https://blog.bigml.com/2015/09/21/looking-for-connections-in-your-data-correlation-coefficients/},   
    } 

@misc{spearman_strength, 
    title={Correlation coefficient strength}, 
    howpublished ={http://www.statstutor.ac.uk/resources/uploaded/spearmans.pdf},     
    } 
    
@incollection{croux1992time,
  title={Time-efficient algorithms for two highly robust estimators of scale},
  author={Croux, Christophe and Rousseeuw, Peter J},
  booktitle={Computational Statistics},
  pages={411--428},
  year={1992},
  publisher={Springer}
}

@article{singh1994weighted,
  title={Weighted least absolute value state estimation using interior point methods},
  author={Singh, Harmohan and Alvarado, Fernando L},
  journal={IEEE Transactions on Power Systems},
  volume={9},
  number={3},
  pages={1478--1484},
  year={1994},
  publisher={IEEE}
}

@article{basak2007support,
  title={Support vector regression},
  author={Basak, Debasish and Pal, Srimanta and Patranabis, Dipak Chandra},
  journal={Neural Information Processing-Letters and Reviews},
  volume={11},
  number={10},
  pages={203--224},
  year={2007}
}


@book{suykens2002least,
  title={Least squares support vector machines},
  author={Suykens, Johan AK and Van Gestel, Tony and De Brabanter, Jos},
  year={2002},
  publisher={World Scientific}
}

@article{ghosh1997load,
  title={Load modeling for distribution circuit state estimation},
  author={Ghosh, Atish K and Lubkeman, David L and Jones, Robert H},
  journal={IEEE Transactions on Power Delivery},
  volume={12},
  number={2},
  pages={999--1005},
  year={1997},
  publisher={IEEE}
}